<record><leader>00000cas a22000007a 4500</leader><controlfield tag="001">12813839</controlfield><controlfield tag="008">851118d188u189usduwr ne      0    0eng  </controlfield><datafield ind1=" " ind2=" " tag="010"><subfield code="a">sn 85042721 </subfield></datafield><datafield ind1=" " ind2=" " tag="040"><subfield code="a">DLC</subfield><subfield code="b">eng</subfield><subfield code="c">DLC</subfield><subfield code="d">SXN</subfield><subfield code="d">OCLCQ</subfield></datafield><datafield ind1=" " ind2=" " tag="042"><subfield code="a">msc</subfield></datafield><datafield ind1=" " ind2=" " tag="043"><subfield code="a">n-us-sd</subfield></datafield><datafield ind1="0" ind2="0" tag="050"><subfield code="a">Newspaper 9744-X</subfield></datafield><datafield ind1="0" ind2="4" tag="245"><subfield code="a">The Redfield journal.</subfield></datafield><datafield ind1=" " ind2=" " tag="260"><subfield code="a">Redfield, S.D. :</subfield><subfield code="b">Cory &amp; Geddes</subfield></datafield><datafield ind1=" " ind2=" " tag="300"><subfield code="a">v. :</subfield><subfield code="b">ill. ;</subfield><subfield code="c">56 cm.</subfield></datafield><datafield ind1=" " ind2=" " tag="310"><subfield code="a">Weekly</subfield></datafield><datafield ind1=" " ind2=" " tag="580"><subfield code="a">Merged with: The observer, to form: Redfield observer.</subfield></datafield><datafield ind1=" " ind2=" " tag="588"><subfield code="a">Description based on: Vol. 9, no. 8 (May 9, 1890).</subfield></datafield><datafield ind1=" " ind2=" " tag="752"><subfield code="a">United States</subfield><subfield code="b">South Dakota</subfield><subfield code="c">Spink</subfield><subfield code="d">Redfield.</subfield></datafield><datafield ind1="1" ind2="7" tag="785"><subfield code="t">Observer</subfield><subfield code="w">(DLC)sn 99062024</subfield></datafield><datafield ind1="1" ind2="7" tag="785"><subfield code="t">Redfield observer</subfield><subfield code="w">(DLC)sn 99062025</subfield></datafield><datafield ind1="1" ind2=" " tag="029"><subfield code="a">AU@</subfield><subfield code="b">000025823697</subfield></datafield></record>